% This file was created with JabRef 2.10.
% Encoding: UTF8

@Article{Hahn:2006xx,
  Title                    = {{Routines for the diagonalization of complex matrices}},
  Author                   = {{Hahn}, T.},
  Journal                  = {ArXiv Physics e-prints},
  Year                     = {2006},

  Month                    = jul,

  Adsnote                  = {Provided by the SAO/NASA Astrophysics Data System},
  Adsurl                   = {http://adsabs.harvard.edu/abs/2006physics...7103H},
  Eprint                   = {physics/0607103},
  File                     = {arXiv v2:Hahn_2006xx-eprintv2.pdf:PDF},
  Keywords                 = {Physics - Computational Physics, High Energy Physics - Phenomenology},
  Owner                    = {mschmidt},
  Timestamp                = {2015.07.20}
}

@Article{Antusch:2004xy,
  Title                    = {Type {II} leptogenesis and the neutrino mass scale},
  Author                   = {Stefan Antusch and Steve F. King},
  Journal                  = {Phys. Lett.},
  Year                     = {2004},
  Pages                    = {199--207},
  Volume                   = {B597},

  Eprint                   = {hep-ph/0405093},
  File                     = {Antusch_2004xy-eprint.pdf:Antusch_2004xy-eprint.pdf:PDF},
  Owner                    = {mschmidt},
  Slaccitation             = {%%CITATION = HEP-PH/0405093;%%},
  Timestamp                = {2015.04.01}
}

@Article{Blazek:1995nv,
  Title                    = {{Finite supersymmetric threshold corrections to CKM
 matrix elements in the large tan Beta regime}},
  Author                   = {Blazek, Tomas and Raby, Stuart and Pokorski, Stefan},
  Journal                  = {Phys.Rev.},
  Year                     = {1995},
  Pages                    = {4151-4158},
  Volume                   = {D52},

  Archiveprefix            = {arXiv},
  Doi                      = {10.1103/PhysRevD.52.4151},
  Eprint                   = {hep-ph/9504364},
  File                     = {:Blazek_1995nv.pdf:PDF;arXiv v1:Blazek_1995nv-eprintv1.pdf:PDF},
  Owner                    = {mschmidt},
  Primaryclass             = {hep-ph},
  Reportnumber             = {OHSTPY-HEP-T-95-007},
  Slaccitation             = {%%CITATION = HEP-PH/9504364;%%},
  Timestamp                = {2014.12.09}
}

@Article{Buchmuller:2003gz,
  Title                    = {The neutrino mass window for baryogenesis},
  Author                   = {W. Buchm{\"u}ller and P. {Di Bari} and M. Pl{\"u}macher},
  Journal                  = {Nucl. Phys.},
  Year                     = {2003},
  Pages                    = {445--468},
  Volume                   = {B665},

  Eprint                   = {hep-ph/0302092},
  File                     = {Buchmuller_2003gz-eprint.pdf:Buchmuller_2003gz-eprint.pdf:PDF},
  Owner                    = {mschmidt},
  Slaccitation             = {%%CITATION = HEP-PH/0302092;%%},
  Timestamp                = {2015.04.01}
}

@Article{Covi:1996wh,
  Title                    = {{CP} violating decays in leptogenesis scenarios},
  Author                   = {Laura Covi and Esteban Roulet and Francesco Vissani},
  Journal                  = {Phys. Lett.},
  Year                     = {1996},
  Pages                    = {169--174},
  Volume                   = {B384},

  Eprint                   = {hep-ph/9605319},
  File                     = {Covi_1996wh-eprint.pdf:Covi_1996wh-eprint.pdf:PDF},
  Owner                    = {mschmidt},
  Slaccitation             = {%%CITATION = HEP-PH/9605319;%%},
  Timestamp                = {2015.04.01}
}

@Article{Fusaoka:1998vc,
  Title                    = {{Updated estimate of running quark masses}},
  Author                   = {Fusaoka, Hideo and Koide, Yoshio},
  Journal                  = {Phys. Rev.},
  Year                     = {1998},
  Pages                    = {3986-4001},
  Volume                   = {D57},

  Doi                      = {10.1103/PhysRevD.57.3986},
  Eprint                   = {hep-ph/9712201},
  File                     = {Fusaoka_1998vc.pdf:Fusaoka_1998vc.pdf:PDF;Fusaoka_1998vc-eprint.pdf:Fusaoka_1998vc-eprint.pdf:PDF},
  Owner                    = {mschmidt},
  Slaccitation             = {%%CITATION = HEP-PH/9712201;%%},
  Timestamp                = {2010.06.16}
}

