@Article{Blazek:1995nv,
  Title                    = {{Finite supersymmetric threshold corrections to CKM
 matrix elements in the large tan Beta regime}},
  Author                   = {Blazek, Tomas and Raby, Stuart and Pokorski, Stefan},
  Journal                  = {Phys.Rev.},
  Year                     = {1995},
  Pages                    = {4151-4158},
  Volume                   = {D52},

  Archiveprefix            = {arXiv},
  Doi                      = {10.1103/PhysRevD.52.4151},
  Eprint                   = {hep-ph/9504364},
  File                     = {arXiv v1:Blazek_1995nv-eprintv1.pdf:PDF},
  Owner                    = {mschmidt},
  Primaryclass             = {hep-ph},
  Reportnumber             = {OHSTPY-HEP-T-95-007},
  Slaccitation             = {%%CITATION = HEP-PH/9504364;%%},
  Timestamp                = {2014.12.09}
}

@ARTICLE{PDBook,
author = {{Eidelman}, S. and
{Hayes}, K.G. and
{Olive}, K.A. and
{Aguilar-Benitez}, M. and
{Amsler}, C. and
{Asner}, D. and
{Babu}, K.S. and
{Barnett}, R.M. and
{Beringer}, J. and
{Burchat}, P.R. and
{Carone}, C.D. and
{Caso}, C. and
{Conforto}, G. and
{Dahl}, O. and
{D'Ambrosio}, G. and
{Doser}, M. and
{Feng}, J.L. and
{Gherghetta}, T. and
{Gibbons}, L. and
{Goodman}, M. and
{Grab}, C. and
{Groom}, D.E. and
{Gurtu}, A. and
{Hagiwara}, K. and
{Hern\'andez-Rey}, J.J. and
{Hikasa}, K. and
{Honscheid}, K. and
{Jawahery}, H. and
{Kolda}, C. and
{Kwon} Y. and
{Mangano}, M.L. and
{Manohar}, A.V. and
{March-Russell}, J. and
{Masoni}, A. and
{Miquel}, R. and
{M\"onig}, K. and
{Murayama}, H. and
{Nakamura}, K. and
{Navas}, S. and
{Pape}, L. and
{Patrignani}, C. and
{Piepke}, A. and
{Raffelt}, G. and
{Roos}, M. and
{Tanabashi}, M. and
{Terning}, J. and
{T\"ornqvist}, N.A. and
{Trippe}, T.G. and
{Vogel}, P. and
{Wohl}, C.G. and
{Workman}, R.L. and
{Yao}, W.-M. and
{Zyla}, P.A. and

{Armstrong}, B. and
{Gee}, P.S. and
{Harper}, G. and
{Lugovsky}, K.S. and
{Lugovsky}, S.B. and
{Lugovsky}, V.S. and
{Rom}, A. and

{Artuso}, M. and
{Barberio}, E. and
{Battaglia}, M. and
{Bichsel}, H. and
{Biebel}, O. and
{Bloch}, P. and
{Cahn}, R.N. and
{Casper}, D. and
{Cattai}, A. and
{Chivukula}, R.S. and
{Cowan}, G. and
{Damour}, T. and
{Desler}, K. and
{Dobbs}, M.A. and
{Drees}, M. and
{Edwards}, A. and
{Edwards}, D.A. and
{Elvira}, V.D. and
{Erler}, J. and
{Ezhela}, V.V. and
{Fetscher}, W. and
{Fields}, B.D. and
{Foster}, B. and
{Froidevaux}, D. and
{Fukugita}, M. and
{Gaisser}, T.K. and
{Garren}, L. and
{Gerber}, H.-J. and
{Gerbier}, G. and
{Gilman}, F.J. and
{Haber}, H.E. and
{Hagmann}, C. and
{Hewett}, J. and
{Hinchliffe}, I. and
{Hogan}, C.J. and
{H\"ohler}, G. and
{Igo-Kemenes}, P. and
{Jackson}, J.D. and
{Johnson}, K.F. and
{Karlen}, D. and
{Kayser}, B. and
{Kirkby}, D. and
{Klein}, S.R. and
{Kleinknecht}, K. and
{Knowles}, I.G. and
{Kreitz}, P. and
{Kuyanov}, Yu.V. and
{Lahav}, O. and
{Langacker}, P. and
{Liddle}, A. and
{Littenberg}, L. and
{Manley}, D.M. and
{Martin}, A.D. and
{Narain}, M. and
{Nason}, P. and
{Nir}, Y. and
{Peacock}, J.A. and
{Quinn}, H.R. and
{Raby}, S. and
{Ratcliff}, B.N. and
{Razuvaev}, E.A. and
{Renk}, B. and
{Rolandi}, G. and
{Ronan}, M.T. and
{Rosenberg}, L.J. and
{Sachrajda}, C.T. and
{Sakai}, Y. and
{Sanda}, A.I. and
{Sarkar}, S. and
{Schmitt}, M. and
{Schneider}, O. and
{Scott}, D. and
{Seligman}, W.G. and
{Shaevitz}, M.H. and
{Sj\"ostrand}, T. and
{Smoot}, G.F. and
{Spanier}, S. and
{Spieler}, H. and
{Spooner}, N.J.C. and
{Srednicki}, M. and
{Stahl}, A. and
{Stanev}, T. and
{Suzuki}, M. and
{Tkachenko}, N.P. and
{Trilling}, G.H. and
{Valencia}, G. and
{van Bibber}, K. and
{Vincter}, M.G. and
{Ward}, D. and
{Webber}, B.R. and
{Whalley}, M. and
{Wolfenstein}, L. and
{Womersley}, J. and
{Woody}, C.L. and
{Zenin}, O.V. and
{Zhu}, R.-Y.},

title = "{Review of Particle Physics}",
journal = "{Physics Letters B}",
year = 2004,
volume = "592",
pages = {1+},
url = {http://pdg.lbl.gov}
}
